@incollection{NIPS2014_5423,
	title = {Generative Adversarial Nets},
	author = {Goodfellow, Ian and Pouget-Abadie, Jean and Mirza, Mehdi and Xu, Bing and Warde-Farley, David and Ozair, Sherjil and Courville, Aaron and Bengio, Yoshua},
	booktitle = {Advances in Neural Information Processing Systems 27},
	editor = {Z. Ghahramani and M. Welling and C. Cortes and N. D. Lawrence and K. Q. Weinberger},
	pages = {2672--2680},
	year = {2014},
	publisher = {Curran Associates, Inc.},
	url = {http://papers.nips.cc/paper/5423-generative-adversarial-nets.pdf}
}

@article{DBLP:journals/corr/Goodfellow17,
	author    = {Ian J. Goodfellow},
	title     = {{NIPS} 2016 Tutorial: Generative Adversarial Networks},
	journal   = {CoRR},
	volume    = {abs/1701.00160},
	year      = {2017},
	url       = {http://arxiv.org/abs/1701.00160},
	archivePrefix = {arXiv},
	eprint    = {1701.00160},
	timestamp = {Wed, 07 Jun 2017 14:43:15 +0200},
	biburl    = {https://dblp.org/rec/bib/journals/corr/Goodfellow17},
	bibsource = {dblp computer science bibliography, https://dblp.org}
}

@article{46506,
	title	= {Are GANs Created Equal? A Large-Scale Study},
	author	= {Mario Lu?i? and Karol Kurach and Marcin Michalski and Sylvain Gelly and Olivier Bousquet},
	year	= {2017},
	URL	= {https://arxiv.org/pdf/1711.10337.pdf},
	journal	= {arXiv}
}
