@article{DBLP:journals/corr/ZhangXLZHWM16,
  author    = {Han Zhang and
               Tao Xu and
               Hongsheng Li and
               Shaoting Zhang and
               Xiaolei Huang and
               Xiaogang Wang and
               Dimitris N. Metaxas},
  title     = {StackGAN: Text to Photo-realistic Image Synthesis with Stacked Generative
               Adversarial Networks},
  journal   = {CoRR},
  volume    = {abs/1612.03242},
  year      = {2016},
  url       = {http://arxiv.org/abs/1612.03242},
  archivePrefix = {arXiv},
  eprint    = {1612.03242},
  timestamp = {Wed, 07 Jun 2017 14:41:37 +0200},
  biburl    = {https://dblp.org/rec/bib/journals/corr/ZhangXLZHWM16},
  bibsource = {dblp computer science bibliography, https://dblp.org}
}

